

@article{hadar:14,
    author  = "Hadar, Liat and Sood, Sanjay",
    title   = "When Knowledge Is Demotivating: Subjective Knowledge and Choice Overload",
    year    = "2014",
    journal = "Psychological Science",
    volume  = "25\9",
    number  = "9",
    pages   = "1739-1747"
}

@article{stanton:12,
    author  = "Stanton, Julie V. and Paolo, Diane M.",
    title   = "Information overload in the context of apparel",
    year    = "2012",
    journal = "Journal of Fashion Marketing \& Management",
    volume  = "16",
    number  = "4",
    pages   = "454-476"
}

@article{ricci:11,
    author  = "Ricci, Francesco and Rokach, Lior and Shapira Bracha",
    title   = "Introduction to Recommender Systems Handbook",
    year    = "2011",
    journal = "Recommender Systems Handbook",
    pages   = "1-37"
}



