

@article{alten:2014,
    author  = "Alten, Peter and Dillemuth, Petra and Giese, Elke and Tauchen, Stefanie",
    title   = "Upturn Loses Momentum",
    year    = "2014",
    journal = "TEXTILE NEWS",
    pages   = "3-5"
}

@article{bollen:2010,
    author  = "Bollen, Dirk and Knijnenburg, Bart P. and Willemsen, Martijn C.",
    title   = "Understanding Choice Overload in Recommender Systems",
    year    = "2010",
    journal = "ACM International Conference on Recommender Systems",
    pages   = "63-700"
}


@article{diehl:2010,
    author  = "Diehl, Kristin and Poynor, Cait",
    title   = "Great Expectations?! Assortment Size, Expectations, and Satisfaction",
    year    = "2010",
    journal = "Journal of Marketing Research",
    volume  = "XLVII",
    pages   = "312-322"
}

@article{hadar:2014,
    author  = "Hadar, Liat and Sood, Sanjay",
    title   = "When Knowledge Is Demotivating: Subjective Knowledge and Choice Overload",
    year    = "2014",
    journal = "Psychological Science",
    volume  = "25\9",
    number  = "9",
    pages   = "1739-1747"
}

@article{lops:2011,
    author  = "Lops, Pascal and de Gemmis, Marko and Semararo, Giovanni",
    title   = "Content-based Recommender Systems: State of the Art and Trends",
    year    = "2011",
    journal = "Recommender Systems Handbook",
    pages   = "73-105"
}

@article{marketplaceanalytics:2014,
    author  = "Marketplace Analytics",
    title   = "150 Mio. Produkte auf Amazon.de, 280 Mio. in USA",
    year    = "2014",
    journal = "Marketplace Analytics",
    url     = "http://marketplace-analytics.de/sortimentsgroesse-von-amazon-in-alle-laendern"
}

@article{pradel:2011,
    author  = "Pradel, Bruno and Sean, Savaneary and Delporte, Julien and Guérif, Sébastien and Rouveirol, Céline and Usunier, Nicolas and Fogelman-Soulié, Françoise and Dufau-Joel, Frédéric",
    title   = "A Case Study In A Recommender System Based On Purchase Data",
    year    = "2011",
    joural  = "ACM International Conference on Knowledge Discovery and Data Mining",
    pages   = "377-385"
}

@article{ricci:2011,
    author  = "Ricci, Francesco and Rokach, Lior and Shapira Bracha",
    title   = "Introduction to Recommender Systems Handbook",
    year    = "2011",
    journal = "Recommender Systems Handbook",
    pages   = "1-37"
}

@article{stanton:2012,
    author  = "Stanton, Julie V. and Paolo, Diane M.",
    title   = "Information overload in the context of apparel",
    year    = "2012",
    journal = "Journal of Fashion Marketing \& Management",
    volume  = "16",
    number  = "4",
    pages   = "454-476"
}

@article{taghipour:2007,
    author  = {Taghipour, Nima and Kardan,Ahmad and Ghidary, Saeed Shiry},
    title   = {Usage-based web recommendations: a reinforcement learning approach},
    journal = {ACM Conference On Recommender Systems},
    year    = {2007},
    pages   = {113-120},
}

@article{visser:2014,
    author  = "Corinna Visser",
    title   = "Zalando gez{\"a}hmt",
    year    = "2014",
    journal = "Der Tagesspiegel",
    url     = "http://www.tagesspiegel.de/wirtschaft/vor-dem-boersengang-zalando-gezaehmt/10624282.html"
}
